% Hjemmesider

@online{cors,
    author  = "Mozilla{\ }Developer{\ }Network",
    title   = "{HTTP access control (CORS)}",
    date    = "2015-01-26",
    urldate = "2015-02-04",
    url     = {https://developer.mozilla.org/en-US/docs/}
}

% Fagbøger
@Book{su_bogen,
    author    = "Lars Mathiassen and Andreas Munk-Madsen and Peter Axel Nielsen and Jan Stage",
    title     = "Objektorienteret analyse og design",
    publisher = "Forlaget Marko ApS, Aalborg",
    year      = "2001",
    isbn      = "87-7751-153-0",
}

@Article{PapirErGodt,
    author        = "Jan M. Noyes and Kate J. Garland",
    title         = "Computer- vs. paper-based tasks: Are they equivalent?",
    urldate       = "2015-02-11",
    url           = {http://www.twosides.info:8080/content/rsPDF_382.pdf},
}

% START REELLE KILDER HERUNDER!!! - HVAD ER EN REELLE KILDE. FINDES DER UREELLE KILDER????? MVH JIMMI

% Jimmi N.
@book{FDB_desc,
    author              = {William Bolton},
    title               = {Programmable Logic Controllers},
    year                = {2009},       
    language            = {english}, 
    edition             = {5},
    publisher           = {},
    isbn                = {978-1856177511},
}

% Jimmi N.
@online{plc-marked-shares,
    author  = "BIN95",
    title   = "{PLC Marked Overview}",
    urldate = "2012-07-19",
    url     = {https://www.pinterest.com/pin/3588874673862191/}
}

% Jimmi N.
@online{basic_knowledge_plc,
    author  = "OMRON",
    title   = "{Introduction Manuel}",
    urldate = "2012-07-19",
    url     = {http://downloads.omron.dk/IAB/Products/Automation\%20Systems/PLCs/Compact\%20PLC\%20Series/CP1L/W461/W461-E1-05_CP1L\%2BCP1E_IntroManual.pdf}
}

% Jimmi N.
@online{beckhoff-sold,
    author  = "Andrew Bollinger",
    title   = "{Industrial Sensing Fundamentals – Back to the Basics: NPN vs PNP}",
    urldate = "2015-03-24",
    url     = {https://www.vde.com/de/regionalorganisation/bezirksvereine/suedbayern/facharbeit\%20regional/akmess_automatisierungstechnik/documents/vortrag\%20folien\%2011.1.2012\%20papenfort.pdf}
}

% Jimmi N.
@online{ardiono_code_init,
    author  = "Arduino",
    title   = "{Programmering Manual}",
    urldate = "2012-01-01",
    url     = {http://www.arduino.cc/en/Reference/setup}
}

% Jimmi N.
@online{omron-il-manuel,
    author  = "Omron",
    title   = "{Programmering Manual}",
    urldate = "2005-01-01",
    url     = {http://industrial.omron.com.br/uploads/arquivos/CP1L\%28H\%29_2007_W451-E1-03_PROGRAMACAO.pdf}
}

% Jimmi N.
@online{PLC_NPN_PNP,
    author  = "Dr.-Ing. Josef Papenfort",
    title   = "{Object oriented Programming in Automation - Turnover Worldwide}",
    urldate = "2015-03-24",
    url     = {https://sensortech.wordpress.com/2011/01/18/industrial-sensing-fundamentals-\%E2\%80\%93-back-to-the-basics-npn-vs-pnp/}
}

% Jimmi N.
@online{codesys-oop-benefits,
    author  = "CoDeSyS",
    title   = "{Object-Oriented Controller Programming}",
    urldate = "2015-03-25",
    url     = {http://ftc.beijer.se/files/C125728B003AF839/B0022B2949098947C1257A6300283F69/CoDeSys_OOP_2009_e.pdf}
}

% Jimmi N.
@online{dislikes_oop,
    author  = "Zen Master Soso",
    title   = "{Inheritance (object-oriented) in PLC programming?}",
    urldate = "2015-03-25",
    url     = {http://control.com/thread/1026248755}
}

@online{PLC_hardware_desc,
    author  = "E. A. Parr",
    title   = "{Industrial Control Handbook}",
    urldate = "2015-03-17",
    url     = {https://books.google.dk/books?id=zLwtngK3T1UC&pg=PA1&lpg=PA1&dq=Industrial+                 Control+Handbook&source=bl&ots=Ug3UyKzwSM&sig=-GTB8h93IlUajfSPvg9NDnLGnYw&                 hl=da&sa=X&ei=JecHVfDuDuniywPi4YLYAw&ved=0CEgQ6AEwBQ#v=onepage&q=Industrial\%20Control\%20Handbook&f=false}
}

@online{PLC-comb,
    author  = "Dr. Fernando Rios Dr. Fernando Rios-Gutierrez Gutierrez",
    title   = "{Overview of Programmable Overview of Programmable
Logic Controllers }",
    urldate = "2015-03-17",
    url     = {http://www.d.umn.edu/~snorr/ece4951s7/Lect4.pdf}
}


@online{PLC_Siemens_OOP,
    author  = "Jon Carson",
    title   = "{Object Oriented Programming in Siemens and Allen Bradley PLCs}",
    urldate = "2015-03-16",
    url     = {https://www.dmcinfo.com/latest-thinking/blog/id/170/object-oriented-programming-in-siemens-and-allen-bradley-plcs}
}

@online{iecStandard,
    author  = "IEC",
    title   = "{International IEC Standard}",
    urldate = "2015-03-16",
    url     = {http://webstore.iec.ch/webstore/webstore.nsf/Artnum_PK/47556}
}

@online{iecStandard,
    author  = "IEC",
    title   = "{International IEC Standard}",
    urldate = "2015-03-16",
    url     = {http://webstore.iec.ch/webstore/webstore.nsf/Artnum_PK/47556}
}

@online{ArduinoBlink,
    author  = "Arduino",
    title   = "{Arduino Blink}",
    urldate = "2015-02-24",
    url     = {http://arduino.cc/en/Tutorial/Blink?action=sourceblock&num=1}
}

@manual{ATmega328,
    title               = {{ATMEL 8-BIT MICROCONTROLLER WITH 4/8/16/32KBYTES IN-SYSTEM PROGRAMMABLE FLASH}},
    date                = {2014-10-01},
    language            = {english},
    version             = {8271I},
    organization        = {Atmel Corporation},
    url                = {http://www.atmel.com/images/Atmel-8271-8-bit-AVR-Microcontroller-ATmega48A-48PA-88A-88PA-168A-168PA-328-328P_datasheet_Complete.pdf}
    urldate            = {2015-02-17}
}

@online{ArduinoUno,
    author  = "Arduino",
    title   = "{Arduino Uno}",
    urldate = "2015-02-17",
    url     = {http://arduino.cc/en/Main/arduinoBoardUno}
}

@online{ArduinoMain,
    author  = "Seeed Studio",
    title   = "{Where is Main Function}",
    date    = "2013-09-23",
    urldate = "2015-02-17",
    url     = {http://www.seeedstudio.com/wiki/Where_is_Main_Function}
}

@proceedings{Normark_2003,
    author              = {Nørmark, Kurt},
    title               = {Functional Programming in Scheme},
    subtitle            = {With Web Programming Examples},
    year                = {2013},
    url                 = {http://people.cs.aau.dk/~normark/prog3-03/pdf/all.pdf},
    language            = {english},
    year                = {2003},
    month               = {09},
    urldate             = {2015-02-11},
    organization        = {Aalborg University},
    pages               = {1-8},
    totalpages          = {218}
}

@report{Roy_2009,
    author              = {Roy, Peter Van},
    title               = {Programming Paradigms for Dummies},
    institution         = {Catholic University of Louvain},
    date                = {2009-01-27},
    titleaddon          = {What Every Programmer Should Know},
    language            = {english},
    url                 = {https://www.info.ucl.ac.be/~pvr/VanRoyChapter.pdf},
    urldate             = {2015-02-13}
}

@misc{Oxford_????,
    title               = {Definition of paradigm in English from the Oxford dictionary},     
    language            = {english},
    organization        = {Oxford Dictionaries},
    url                 = {http://www.oxforddictionaries.com/definition/english/paradigm},
    urldate             = {2015-02-13} % Last seen
}

@book{Sebesta_2013,
    author              = {Sebesta, Robert W},
    title               = {Concepts of Programming Languages},
    year                = {2013},       
    language            = {english}, 
    edition             = {10},
    publisher           = {Pearson},
    isbn                = {978-0-273-76910-1},
}

@book{CraftingCompiler_2009,
    author              = {Charles N. Fischer, Ron K. Cytron, Richard J. LeBLANC. Jr.},
    title               = {Crafting a compiler},
    year                = {2009},       
    language            = {english}, 
    edition             = {10},
    publisher           = {Pearson},
    isbn                = {978-0-13-606705-4}, %ISBN 13
}


@article{Oliveira_2008,
    author = {Oliveira, Bruno C.d.S. and Wang, Meng and Gibbons, Jeremy},
    title = {The Visitor Pattern As a Reusable, Generic, Type-safe Component},
    journal = {SIGPLAN Not.},
    issue_date = {September 2008},
    volume = {43},
    number = {10},
    month = {10},
    year = {2008},
    issn = {0362-1340},
    pages = {439--456},
    numpages = {18},
    url = {http://doi.acm.org/10.1145/1449955.1449799},
    urldate = {2015-03-05}
    doi = {10.1145/1449955.1449799},
    acmid = {1449799},
    publisher = {ACM},
    address = {New York, NY, USA},
    keywords = {algebraic datatypes, design patterns, program extensibility, software components, traversal, visitor pattern},
    language = {english}
} 